<record><leader>00000cas a22000007a 4500</leader><controlfield tag="001">27786180</controlfield><controlfield tag="008">930324d191019uuokuwr n       0    0eng d</controlfield><datafield ind1=" " ind2=" " tag="010"><subfield code="a">sn 93065965 </subfield></datafield><datafield ind1=" " ind2=" " tag="040"><subfield code="a">OBN</subfield><subfield code="b">eng</subfield><subfield code="c">OBN</subfield><subfield code="d">OCLCQ</subfield><subfield code="d">OCLCO</subfield></datafield><datafield ind1=" " ind2=" " tag="042"><subfield code="a">msc</subfield></datafield><datafield ind1=" " ind2=" " tag="043"><subfield code="a">n-us-ok</subfield></datafield><datafield ind1="0" ind2="0" tag="245"><subfield code="a">Haskell County Chant news.</subfield></datafield><datafield ind1="3" ind2=" " tag="246"><subfield code="a">Haskell Chant County news</subfield></datafield><datafield ind1="3" ind2=" " tag="246"><subfield code="a">Haskell County news</subfield></datafield><datafield ind1=" " ind2=" " tag="260"><subfield code="a">Chant, Okla. :</subfield><subfield code="b">s.n. Yeary</subfield></datafield><datafield ind1=" " ind2=" " tag="300"><subfield code="a">v.</subfield></datafield><datafield ind1=" " ind2=" " tag="310"><subfield code="a">Weekly</subfield></datafield><datafield ind1=" " ind2=" " tag="588"><subfield code="a">Description based on: Vol. 3, no. 47 (May 13, 1910).</subfield></datafield><datafield ind1=" " ind2="0" tag="651"><subfield code="a">Chant (Okla.)</subfield><subfield code="v">Newspapers.</subfield></datafield><datafield ind1=" " ind2="0" tag="651"><subfield code="a">McCurtain (Okla.)</subfield><subfield code="v">Newspapers.</subfield></datafield><datafield ind1=" " ind2="0" tag="651"><subfield code="a">Haskell County (Okla.)</subfield><subfield code="v">Newspapers.</subfield></datafield><datafield ind1=" " ind2=" " tag="752"><subfield code="a">United States</subfield><subfield code="b">Oklahoma</subfield><subfield code="c">Haskell</subfield><subfield code="d">Chant.</subfield></datafield><datafield ind1=" " ind2=" " tag="752"><subfield code="a">United States</subfield><subfield code="b">Oklahoma</subfield><subfield code="c">Haskell</subfield><subfield code="d">McCurtain.</subfield></datafield><datafield ind1="0" ind2="0" tag="780"><subfield code="t">Keota Review</subfield><subfield code="w">(DLC)sn 93065957</subfield></datafield></record>